<?xml version="1.0" encoding="UTF-8"?><collection xmlns="http://www.loc.gov/MARC21/slim"><record><leader>00432nam--2200133-i-4500</leader><controlfield tag="001">000039900</controlfield><controlfield tag="002">20161230</controlfield><controlfield tag="005">20161230201042</controlfield><controlfield tag="008">060222s1000------------r-----000-0-eng-d</controlfield><datafield ind1=" " ind2=" " tag="080"><subfield code="a">621.382.3</subfield></datafield><datafield ind1=" " ind2=" " tag="100"><subfield code="a">Rumpf, Karl-heinz Und Pulvers, Manfred</subfield></datafield><datafield ind1=" " ind2=" " tag="245"><subfield code="a">Transistor-elektronik. anwendung von halbleiterbvauelementen im schalterbetrieb. 3-te, uberarbeitete auflage</subfield></datafield><datafield ind1=" " ind2=" " tag="260"><subfield code="a">Berlin, Veb Verlag Technik, 1967, 286p</subfield></datafield><datafield ind1=" " ind2=" " tag="852"><subfield code="a">28173</subfield></datafield></record></collection>